<?xml version="1.0" encoding="UTF-8"?><record xmlns="http://www.loc.gov/MARC21/slim" xmlns:cinclude="http://apache.org/cocoon/include/1.0" xmlns:zs="http://www.loc.gov/zing/srw/">
  <leader>00672cz  a2200145n  4500</leader>
  <controlfield tag="001">n  81029284 </controlfield>
  <controlfield tag="003">DLC</controlfield>
  <controlfield tag="005">20090124075918.0</controlfield>
  <controlfield tag="008">810409n| acannaabn          |a ana     c</controlfield>
  <datafield tag="010" ind1=" " ind2=" ">
    <subfield code="a">n  81029284 </subfield>
  </datafield>
  <datafield tag="035" ind1=" " ind2=" ">
    <subfield code="a">(OCoLC)oca00575020</subfield>
  </datafield>
  <datafield tag="040" ind1=" " ind2=" ">
    <subfield code="a">DGPO</subfield>
    <subfield code="b">eng</subfield>
    <subfield code="c">DLC</subfield>
    <subfield code="d">OCoLC</subfield>
  </datafield>
  <datafield tag="110" ind1="1" ind2=" ">
    <subfield code="a">United States.</subfield>
    <subfield code="b">Education Appeal Board</subfield>
  </datafield>
  <datafield tag="410" ind1="2" ind2=" ">
    <subfield code="a">Education Appeal Board (U.S.)</subfield>
  </datafield>
  <datafield tag="670" ind1=" " ind2=" ">
    <subfield code="a">U.S. Cong. House. Com. on Education and Labor. Subcommittee on Elementary, Secondary, and Vocational Education. Hearings on dismissing ... 1981 (subj.)</subfield>
    <subfield code="b">t.p. (Education Appeal Board) p. 2 (established by section 451 of the General Education Provisions Act as amended by the Education Amendments of 1978)</subfield>
  </datafield>
</record>